
@article{Hafner:2009,
    author          = {Hafner, Jeffrey and Zheng, Wenjun},
    title           = {Approximate normal mode analysis based on vibrational subsystem analysis with high accuracy and efficiency},
    howpublished    = {https://doi.org/10.1063/1.3141022},
    url             = {http://www.acsu.buffalo.edu/~wjzheng/Hafner_jcp2009.pdf}
    journal         = {Journal of Chemical Physics},
    month           = {May},
    year            = {2009},
    volume          = {130},
    number          = {194111},
    pages           = {194111},
    numpages        = {7},
    publisher       = {American Institute of Physics},
    school          = {University at Buffalo},
    % 0021-9606/2009/130(19)/19411/7/$25.00
}

@article{Hafner:2010,
    author          = {Hafner, Jeffrey and Zheng, Wenjun},
    title           = {Optimal modeling of atomic fluctuations in protein crystal structures for weak crystal contact interactions}
    howpublished    = {https://doi.org/10.1063/1.3288503},
    url             = {http://www.acsu.buffalo.edu/~wjzheng/Hafner_jcp2010.pdf}
    journal         = {Journal of Chemical Physics},
    month           = {January},
    year            = {2010},
    number          = {014111},
    volume          = {132},
    numpages        = {11},
    publisher       = {American Institute of Physics},
    school          = {University at Buffalo},
    % 0021-9606/2010/132(1)/014111/11/$30.00
}

@article{Hafner:2011,
    author          = {Hafner, Jeffrey and Zheng, Wenjun},
    howpublished    = {https://doi.org/10.1063/1.3646312},
    url             = {http://www.acsu.buffalo.edu/~wjzheng/Hafner_jcp2011.pdf}
    title           = {All-atom modeling of anisotropic atomic fluctuations in protein crystal structures}
    journal         = {Journal of Chemical Physics},
    month           = {October},
    year            = {2011},
    volume          = {135},
    number          = {144114},
    numpages        = {10},
    publisher       = {American Institute of Physics},
    % 0021-9606/2011/135(14)/144114/10/$30
}

